@book{folland2007,
	author = "Gerald B. Folland",
	title = "Real Analysis: Modern Techniques and Their Applications",
	year = "2007",
	isbn = "0-471-31716-0",
	publisher = "Wiley",
	pagetotal = "386",
	edition = "2"
}

@book{follandharmonic,
	author = "Gerald B. Folland",
	title = "A Course in Abstract Harmonic Analysis",
	year = "2015",
	isbn = "978-1-4987-2715-0",
	publisher = "CRC Press",
	pagetotal = "305",
	edition = "2"
}

@book{rudinfunctional,
	author = "Walter Rudin",
	title = "Functional Analysis",
	year = "1991",
	isbn = "0-07-054236-8",
	publisher = "McGraw-Hill",
	pagetotal = "424",
	edition = "2"
}

@book{arveson2002,
	author = "William Arveson",
	title = "A Short Course on Spectral Theory",
	year = "2002",
	isbn = "0-387-95300-0",
	publisher = "Springer",
	pagetotal = "424",
	edition = ""
}